<record><leader>00000cas a2200000 a 4500</leader><controlfield tag="001">27263543</controlfield><controlfield tag="008">930115d1899190ucauwr ne      0    0eng c</controlfield><datafield ind1=" " ind2=" " tag="010"><subfield code="a">sn 92069918 </subfield></datafield><datafield ind1=" " ind2=" " tag="040"><subfield code="a">CNK</subfield><subfield code="b">eng</subfield><subfield code="c">CNK</subfield><subfield code="d">OCL</subfield><subfield code="d">CNK</subfield><subfield code="d">OCLCQ</subfield><subfield code="d">OCLCF</subfield><subfield code="d">OCLCO</subfield></datafield><datafield ind1="1" ind2=" " tag="029"><subfield code="a">AU@</subfield><subfield code="b">000020736599</subfield></datafield><datafield ind1=" " ind2=" " tag="042"><subfield code="a">pcc</subfield></datafield><datafield ind1=" " ind2=" " tag="043"><subfield code="a">n-us-ca</subfield></datafield><datafield ind1="0" ind2="0" tag="245"><subfield code="a">Corona courier and weekly review.</subfield></datafield><datafield ind1=" " ind2=" " tag="260"><subfield code="a">Corona, Calif. :</subfield><subfield code="b">Corona Pub. Co.</subfield></datafield><datafield ind1=" " ind2=" " tag="300"><subfield code="a">v.</subfield></datafield><datafield ind1=" " ind2=" " tag="310"><subfield code="a">Weekly</subfield></datafield><datafield ind1="0" ind2=" " tag="362"><subfield code="a">Vol. 13, no. 28 (June 10, 1899)-</subfield></datafield><datafield ind1=" " ind2=" " tag="500"><subfield code="a">"And Weekly Review" appears in smaller type below "Corona Courier."</subfield></datafield><datafield ind1=" " ind2=" " tag="500"><subfield code="a">On masthead: "Consolidated June 9, 1899."</subfield></datafield><datafield ind1=" " ind2=" " tag="515"><subfield code="a">Numbering is irregular.</subfield></datafield><datafield ind1=" " ind2=" " tag="515"><subfield code="a">Issues for June 10, 1899-&lt;Dec. 31, 1904&gt; also called whole no. 652-937.</subfield></datafield><datafield ind1=" " ind2="0" tag="651"><subfield code="a">Riverside County (Calif.)</subfield><subfield code="v">Newspapers.</subfield></datafield><datafield ind1=" " ind2="0" tag="651"><subfield code="a">Corona (Calif.)</subfield><subfield code="v">Newspapers.</subfield></datafield><datafield ind1=" " ind2="7" tag="655"><subfield code="a">Newspapers.</subfield><subfield code="2">fast</subfield><subfield code="0">(OCoLC)fst01423814</subfield></datafield><datafield ind1=" " ind2="7" tag="651"><subfield code="a">California</subfield><subfield code="z">Corona.</subfield><subfield code="2">fast</subfield><subfield code="0">(OCoLC)fst01216950</subfield></datafield><datafield ind1=" " ind2="7" tag="651"><subfield code="a">California</subfield><subfield code="z">Riverside County.</subfield><subfield code="2">fast</subfield><subfield code="0">(OCoLC)fst01205486</subfield></datafield><datafield ind1=" " ind2=" " tag="752"><subfield code="a">United States</subfield><subfield code="b">California</subfield><subfield code="c">Riverside</subfield><subfield code="d">Corona.</subfield></datafield><datafield ind1="0" ind2="0" tag="780"><subfield code="t">Corona courier (Corona, Calif. : 1896)</subfield><subfield code="w">(DLC)sn 99060974</subfield></datafield><datafield ind1="0" ind2="0" tag="785"><subfield code="t">Corona courier (Corona, Calif. : 1905)</subfield><subfield code="w">(DLC)sn 92069919</subfield></datafield></record>